@misc{website:irati,
	title = "The Recursive InterNetwork Architecture",
	author = "irati.eu",
	month = "December",
	year = "2013",
	howpublished = "\url{http://irati.eu/the-recursive-internetwork-architecture/}"
}

@misc{website:IRATI-obj,
	title = "The Recursive InterNetwork Architecture Objectives",
	author = "irati.eu",
	month = "December",
	year = "2013",
	howpublished = "\url{http://irati.eu/goals/}"
}

@book{johnday2008,
author = {John Day},
title = {Patterns in Network Architecture: A Return to Fundamentals},
publisher = {Prentice Hall},
year = {2008},
month = {January},
}

@misc{website:recursive_definition,
	title = "Recursive | Define recursive at dictionary.com",
	author = "dictionary.com",
	month = "December",
	year = "2013",
	howpublished = "\url{http://dictionary.reference.com/browse/recursive?s=t}"
}

@misc{website:junos,
	title = "Junos Network Operating System - Juniper Networks",
	author = "juniper.net",
	month = "December",
	year = "2013",
	howpublished = "\url{http://www.juniper.net/us/en/products-services/nos/junos/}"
}

@misc{website:pouzin_society,
	title = "The Pouzin Society - Building A Better Network",
	author = "pouzinsociety.org",
	month = "December",
	year = "2013",
	howpublished = "\url{http://pouzinsociety.org/home.html}"
}

@misc{presentation:android_linux_kernel,
	title = "Android OS for Servers?",
	author = "John Stultz",
	month = "April",
	year = "2011",
	howpublished = "\url{http://elinux.org/images/8/89/Elc2011_stultz.pdf}"
}

@misc{website:android_linux_kernel,
	title = "Android Kernel Features - eLinux.org",
	author = "Embedded Linux Wiki",
	month = "November",
	year = "2013",
	howpublished = "\url{http://elinux.org/Android_Kernel_Features}"
}

@misc{website:glibc,
	title = "The GNU C Library",
	author = "gnu.org",
	month = "December",
	year = "2013",
	howpublished = "\url{http://www.gnu.org/software/libc/}"
}

@misc{github:bionic,
	title = "The GNU C Library",
	author = "Contributers",
	month = "December",
	year = "2013",
	howpublished = "\url{https://github.com/android/platform_bionic}"
}

@misc{website:c_lib_bionic,
	title = "Android notes - eLinux.org",
	author = "Embedded Linux Wiki",
	month = "December",
	year = "2013",
	howpublished = "\url{http://elinux.org/Android_Notes#C_Library_.28bionic.29_info}"
}

@book{petersalus1995,
author = {Peter H. Salus},
title = {Casting the Net: From ARPANET to INTERNET and Beyond},
publisher = {Addison-Wesley Professional},
year = {1995},
month = {May},
}

@book{janetabbate2000,
author = {Janet Abbate},
title = {Inventing the Internet (Inside Technology)},
publisher = {The MIT Press},
year = {2000},
month = {July},
}

@book{katiehafner1998,
author = {Katie Hafner},
title = {Where Wizards Stay Up Late: The Origins Of The Internet},
publisher = {Simon \& Schuster},
year = {1998},
month = {January},
}

@book{timbernerslee2000,
author = {Tim Berners-Lee},
title = {Weaving the Web: The Original Design and Ultimate Destiny of the World Wide Web},
publisher = {HarperBusiness},
year = {2000},
month = {November},
}

@book{petersalus2008,
author = {Peter H. Salus},
title = {The ARPANET Sourcebook: The Unpublished Foundations of the Internet (Computer Classics Revisited)},
publisher = {Peer-to-Peer Communications Inc.},
year = {2008},
month = {January},
}

@article{frankheart1970,
author = {Frank Heart and Robert Kahn and Severo Ornstein and William Crowther and David Walden},
title = {The Interface Message Processor for the ARPA Computer Network},
journal = {Proc. 1970 Spring Joint Computer Conference},
year = {1970},
	volume = {36},
	pages = {551-567},
}

@book{matthewgast2005,
author = {Matthew Gast},
title = {802.11 Wireless Networks: The Definitive Guide},
publisher = {O'Reilly Media},
year = {2005},
month = {May},
edition = {Second},
}

@misc{website:80211microsoft,
	title = "How 802.11 Wireless Works: Wireless",
	author = "technet.microsoft.com",
	month = "January",
	year = "2014",
	howpublished = "\url{http://technet.microsoft.com/en-us/library/cc757419(v=ws.10).aspx}"
}

@misc{website:80211wirelesskernel,
	title = "modes - Linux Wireless",
	author = "wireless.kernel.org",
	month = "January",
	year = "2014",
	howpublished = "\url{http://wireless.kernel.org/en/users/Documentation/modes}"
}

@misc{website:80211vs8023,
	title = "802.11 WLAN Packets and Protocols",
	author = "wildpackets.com",
	month = "January",
	year = "2014",
	howpublished = "\url{http://www.wildpackets.com/resources/compendium/wireless_lan/wlan_packets}"
}

@misc{website:internethistory,
	title = "Brief history of the internet - Internet Timeline | Internet society",
	author = "internetsociety.org",
	month = "January",
	year = "2014",
	howpublished = "\url{http://www.internetsociety.org/internet/what-internet/history-internet/brief-history-internet}"
}

@misc{pwp:rinaintro,
	title = "Clean Slate Network Architectures - Are there new ways for networking?",
	author = "Dimitri Staessens",
	month = "January",
	year = "2014",
	howpublished = "iMinds JRA1 workshop"
}

@article{eldadperahia2008,
author = {Eldad Perahia},
title = {{IEEE 802.11n Development: History, Process, and Technology}},
journal = {IEEE Communications Magazine},
year = {2008},
	volume = {46},
	number = {7},
	pages = {48-55},
}

@ARTICLE{sixtoortiz2009, 
author={Ortiz, S.}, 
journal={Computer}, 
title={{IEEE 802.11n: The Road Ahead}}, 
year={2009}, 
volume={42}, 
number={7}, 
pages={13-15}, 
}

@ARTICLE{thomaspaul2008, 
author={Paul, T. and Ogunfunmi, T.}, 
journal={Circuits and Systems Magazine, IEEE}, 
title={{Wireless LAN Comes of Age: Understanding the IEEE 802.11n Amendment}}, 
year={2008}, 
volume={8}, 
number={1}, 
pages={28-54},
}

@inproceedings{vrijders2013unreliable,
  title={{Unreliable inter process communication in Ethernet: migrating to RINA with the shim DIF}},
  author={Vrijders, Sander and Trouva, Eleni and Day, John and Grasa, Eduard and Staessens, Dimitri and Colle, Didier and Pickavet, Mario and Chitkushev, Lou},
  booktitle={{5th International Workshop on Reliable Networks Design and Modeling (RNDM-2013)}},
  pages={97--102},
  year={2013}
}

@article{vrijders2014prototyping,
  title={{Prototyping the Recursive InterNet Architecture: The IRATI project approach}},
  author={Vrijders, Sander and Salvestrini, Francesco and Grasa, Eduard and Tarzan, Miquel and Bergesio, Leonardo and Staessens, Dimitri and Colle, Didier},
  journal={IEEE},
  year={2014}
}

@article{ieee80211std,
	title={{Part 11: Wireless LAN Medium Access Control (MAC) and Physical Layer (PHY) Specifications}},
  author={{IEEE Computer Society}},
	journal={IEEE},
  year={2012}

}

@article{ieee8022std,
	title={{Part 2: Logical Link Control}},
  author={{IEEE Computer Society}},
	journal={IEEE},
  year={1998}

}

@misc{doc:4addr80211,
	title = "WDS Clarifications",
	author = "Darwin Engwer",
	month = "July",
	year = "2005",
	howpublished = "\url{http://www.ieee802.org/1/files/public/802_architecture_group/802-11/4-address-format.doc}"
}

@article{ieee80211e,
	title={{Part 11: Wireless LAN Medium Access Control
(MAC) and Physical Layer (PHY) specifications - Amendment 8: Medium Access Control
(MAC) Quality of Service Enhancements}},
  author={{IEEE Computer Society}},
	journal={IEEE},
  year={2005}
}

@article{arp1998,
	title={{Part 2: Logical Link Control}},
  author={{IEEE Computer Society}},
	journal={IEEE},
  year={1998}
}


Just change A to at sign and all done.

Aarticle{,
author = {},
title = {},
journal = {},
year = {},
	volume = {},
	number = {},
	pages = {},
	note = {},
	month = {}
}
Abook{,
author = {},
title = {},
publisher = {},
year = {},
	volume = {},
	series = {},
	month = {},
	edition = {},
	address = {},
	note = {}
}

Ainbook{,
author = {},
title = {},
chapter = {},
pages = {},
publisher = {},
year = {},
	volume = {},
	series = {},
	type = {},
	address = {},
	month = {},
	edition = {},
	note = {}
}

Amastersthesis{,
author = {},
title = {},
school = {},
year = {},
	type = {Afstudeerwerk},
	address = {},
	month = {},
	note = {}
}



Aphdthesis{,
author = {},
title = {},
school = {},
year = {},
	type = {Doctoraatsthesis},
	address = {},
	month = {},
	note = {}
}



Aunpublished{,
author = {},
title = {},
note = {},
	month = {},
	year = {}
}



Ainproceedings{,
author = {},
title = {},
booktitle = {},
year = {},
	editor = {},
	volume = {},
	series = {},
	pages = {},
	address = {},
	month = {},
	organization = {},
	publisher = {},
	note = {}
}



Amanual{,
title = {},
	author = {},
	organization = {},
	address = {},
	edition = {},
	month = {},
	year = {},
	note = {}
}



Amisc{,
	author = {},
	title = {},
	howpublished = {},
	month = {},
	year = {},
	note = {}
}


website
Amisc{website:blabla,
	author = "blbla",
	title = {},
	month = {},
	year = {},
	url = {}
}
